Date,Year,Month,Quarter,Category,Region,Sales,Profit,Units,Marketing_Spend,Profit_Margin
2023-05-31 01:43:44.351950,2023,5,2,Electronics,North,24617,8256,157,1836,0.335408121267239
2023-05-31 01:43:44.351950,2023,5,2,Electronics,South,28517,8540,150,4146,0.2994949542247487
2023-05-31 01:43:44.351950,2023,5,2,Electronics,East,53197,14426,284,6293,0.27119340146880194
2023-05-31 01:43:44.351950,2023,5,2,Electronics,West,35050,6357,179,4645,0.18138857938405148
2023-05-31 01:43:44.351950,2023,5,2,Electronics,Central,32201,6653,190,3483,0.20661128122896255
2023-05-31 01:43:44.351950,2023,5,2,Clothing,North,24917,4241,1132,3262,0.170229823824812
2023-05-31 01:43:44.351950,2023,5,2,Clothing,South,45967,11836,581,4328,0.25749069390752144
2023-05-31 01:43:44.351950,2023,5,2,Clothing,East,44078,12772,236,4249,0.2897656599902167
2023-05-31 01:43:44.351950,2023,5,2,Clothing,West,32733,8470,779,4450,0.258774188297604
2023-05-31 01:43:44.351950,2023,5,2,Clothing,Central,30896,7828,506,3131,0.2533838691707268
2023-05-31 01:43:44.351950,2023,5,2,Home Goods,North,40918,6311,772,5801,0.15424088186840293
2023-05-31 01:43:44.351950,2023,5,2,Home Goods,South,10035,2748,56,560,0.2739173652386866
2023-05-31 01:43:44.351950,2023,5,2,Home Goods,East,25408,6256,244,2307,0.24622602990957757
2023-05-31 01:43:44.351950,2023,5,2,Home Goods,West,44684,11511,551,5014,0.2576108026051337
2023-05-31 01:43:44.351950,2023,5,2,Home Goods,Central,20619,6160,113,1235,0.2987754005199973
2023-05-31 01:43:44.351950,2023,5,2,Food & Beverage,North,42643,14206,355,6090,0.33314084218653756
2023-05-31 01:43:44.351950,2023,5,2,Food & Beverage,South,14973,3650,172,1100,0.24381551906540083
2023-05-31 01:43:44.351950,2023,5,2,Food & Beverage,East,47428,9839,1281,6368,0.20746453721740132
2023-05-31 01:43:44.351950,2023,5,2,Food & Beverage,West,18483,5215,94,1551,0.28218633079542776
2023-05-31 01:43:44.351950,2023,5,2,Food & Beverage,Central,46228,12685,240,2320,0.27440481593633564
2023-05-31 01:43:44.351950,2023,5,2,Beauty,North,39972,12970,444,4830,0.3244859564686852
2023-05-31 01:43:44.351950,2023,5,2,Beauty,South,19420,4019,313,1553,0.20697800698050023
2023-05-31 01:43:44.351950,2023,5,2,Beauty,East,16504,2937,134,1023,0.17799641585829612
2023-05-31 01:43:44.351950,2023,5,2,Beauty,West,10767,2052,122,1185,0.1906152363324622
2023-05-31 01:43:44.351950,2023,5,2,Beauty,Central,48848,10236,432,3681,0.20955281972360323
2023-06-30 01:43:44.351950,2023,6,2,Electronics,North,56100,13502,572,4675,0.24069492347567528
2023-06-30 01:43:44.351950,2023,6,2,Electronics,South,20090,6214,669,1439,0.3093309884563846
2023-06-30 01:43:44.351950,2023,6,2,Electronics,East,26391,9208,517,3305,0.3489287873862892
2023-06-30 01:43:44.351950,2023,6,2,Electronics,West,55138,8396,393,6096,0.1522776273513823
2023-06-30 01:43:44.351950,2023,6,2,Electronics,Central,54681,8912,451,2945,0.16298735977133322
2023-06-30 01:43:44.351950,2023,6,2,Clothing,North,33979,7984,317,3162,0.23498368980520062
2023-06-30 01:43:44.351950,2023,6,2,Clothing,South,29376,8188,253,1901,0.2787591721043335
2023-06-30 01:43:44.351950,2023,6,2,Clothing,East,20852,5017,302,2974,0.24060379262663611
2023-06-30 01:43:44.351950,2023,6,2,Clothing,West,58124,19845,484,6514,0.3414330028761776
2023-06-30 01:43:44.351950,2023,6,2,Clothing,Central,52502,17459,690,3559,0.3325495641944147
2023-06-30 01:43:44.351950,2023,6,2,Home Goods,North,14200,4525,130,1953,0.3186990636295744
2023-06-30 01:43:44.351950,2023,6,2,Home Goods,South,13710,4555,92,964,0.33226566395864116
2023-06-30 01:43:44.351950,2023,6,2,Home Goods,East,39042,7425,557,2108,0.19020291647311305
2023-06-30 01:43:44.351950,2023,6,2,Home Goods,West,16865,3857,196,940,0.22873828814796238
2023-06-30 01:43:44.351950,2023,6,2,Home Goods,Central,36051,9314,187,2990,0.25836823349507704
2023-06-30 01:43:44.351950,2023,6,2,Food & Beverage,North,15944,4019,164,2270,0.2521021156276713
2023-06-30 01:43:44.351950,2023,6,2,Food & Beverage,South,50975,14369,254,4601,0.2818971611763836
2023-06-30 01:43:44.351950,2023,6,2,Food & Beverage,East,53811,14994,560,3016,0.2786553312660269
2023-06-30 01:43:44.351950,2023,6,2,Food & Beverage,West,20502,6821,178,2469,0.3327202370268303
2023-06-30 01:43:44.351950,2023,6,2,Food & Beverage,Central,32310,8321,209,3812,0.25754878583862084
2023-06-30 01:43:44.351950,2023,6,2,Beauty,North,23405,4552,150,2613,0.19449192267854265
2023-06-30 01:43:44.351950,2023,6,2,Beauty,South,10133,1880,119,1200,0.18559044800121344
2023-06-30 01:43:44.351950,2023,6,2,Beauty,East,32130,6185,232,3437,0.19250844705634407
2023-06-30 01:43:44.351950,2023,6,2,Beauty,West,19236,5244,506,1715,0.27265972641328334
2023-06-30 01:43:44.351950,2023,6,2,Beauty,Central,27501,5254,316,1629,0.19107796474434294
2023-07-31 01:43:44.351950,2023,7,3,Electronics,North,56350,17433,761,6042,0.30937947284550943
2023-07-31 01:43:44.351950,2023,7,3,Electronics,South,52812,12088,743,3542,0.22888837188912758
2023-07-31 01:43:44.351950,2023,7,3,Electronics,East,60249,19055,421,8936,0.3162764263248208
2023-07-31 01:43:44.351950,2023,7,3,Electronics,West,59659,12224,435,7009,0.20490659149545115
2023-07-31 01:43:44.351950,2023,7,3,Electronics,Central,28715,7184,179,3612,0.2501829702272621
2023-07-31 01:43:44.351950,2023,7,3,Clothing,North,65576,10660,383,7044,0.16256712686041513
2023-07-31 01:43:44.351950,2023,7,3,Clothing,South,41352,8446,689,3934,0.20425247877634467
2023-07-31 01:43:44.351950,2023,7,3,Clothing,East,50478,10675,623,6229,0.21149196758294006
2023-07-31 01:43:44.351950,2023,7,3,Clothing,West,32031,11053,172,2907,0.3450906665126532
2023-07-31 01:43:44.351950,2023,7,3,Clothing,Central,57133,8639,554,4337,0.15122031235716185
2023-07-31 01:43:44.351950,2023,7,3,Home Goods,North,17338,5231,117,2367,0.3017645129921548
2023-07-31 01:43:44.351950,2023,7,3,Home Goods,South,34499,7818,415,2611,0.22662439491478895
2023-07-31 01:43:44.351950,2023,7,3,Home Goods,East,29916,5290,586,3870,0.17683396436030038
2023-07-31 01:43:44.351950,2023,7,3,Home Goods,West,11785,3393,245,1655,0.2879915562205754
2023-07-31 01:43:44.351950,2023,7,3,Home Goods,Central,40406,14090,212,4870,0.3487300410165752
2023-07-31 01:43:44.351950,2023,7,3,Food & Beverage,North,30886,8291,178,3768,0.2684578737717823
2023-07-31 01:43:44.351950,2023,7,3,Food & Beverage,South,36326,12447,217,2203,0.3426722684375933
2023-07-31 01:43:44.351950,2023,7,3,Food & Beverage,East,43683,12354,598,6375,0.28281977464407426
2023-07-31 01:43:44.351950,2023,7,3,Food & Beverage,West,52550,17082,1167,4018,0.3250794991381774
2023-07-31 01:43:44.351950,2023,7,3,Food & Beverage,Central,50060,16829,1164,5034,0.3361908865953882
2023-07-31 01:43:44.351950,2023,7,3,Beauty,North,23852,6259,132,2369,0.2624335194574279
2023-07-31 01:43:44.351950,2023,7,3,Beauty,South,18367,6335,114,2425,0.3449532486157284
2023-07-31 01:43:44.351950,2023,7,3,Beauty,East,11030,2887,139,886,0.26179798553136485
2023-07-31 01:43:44.351950,2023,7,3,Beauty,West,37748,6426,1020,5586,0.17024982870737415
2023-07-31 01:43:44.351950,2023,7,3,Beauty,Central,11439,3851,219,1013,0.33665583532050136
2023-08-31 01:43:44.351950,2023,8,3,Electronics,North,58997,14919,1282,3972,0.2528933447126538
2023-08-31 01:43:44.351950,2023,8,3,Electronics,South,16116,4119,152,1590,0.2555914478050497
2023-08-31 01:43:44.351950,2023,8,3,Electronics,East,13323,2480,125,1179,0.18619863800325964
2023-08-31 01:43:44.351950,2023,8,3,Electronics,West,45442,13317,277,4150,0.2930645191157397
2023-08-31 01:43:44.351950,2023,8,3,Electronics,Central,23697,4608,206,2210,0.19446325628706185
2023-08-31 01:43:44.351950,2023,8,3,Clothing,North,53417,17244,331,4060,0.3228286366495284
2023-08-31 01:43:44.351950,2023,8,3,Clothing,South,35978,7007,705,3855,0.19477806765058936
2023-08-31 01:43:44.351950,2023,8,3,Clothing,East,41283,10033,1474,2291,0.2430458493743508
2023-08-31 01:43:44.351950,2023,8,3,Clothing,West,53986,18475,469,3540,0.34222487441720106
2023-08-31 01:43:44.351950,2023,8,3,Clothing,Central,14413,3885,96,1688,0.26959024402681464
2023-08-31 01:43:44.351950,2023,8,3,Home Goods,North,21679,3407,210,1281,0.15716156199530965
2023-08-31 01:43:44.351950,2023,8,3,Home Goods,South,21656,7323,115,2301,0.3381848606259168
2023-08-31 01:43:44.351950,2023,8,3,Home Goods,East,11428,3450,181,1022,0.3019599353810547
2023-08-31 01:43:44.351950,2023,8,3,Home Goods,West,30572,7507,152,4172,0.2455809198747581
2023-08-31 01:43:44.351950,2023,8,3,Home Goods,Central,36369,9635,865,2573,0.2649288447847463
2023-08-31 01:43:44.351950,2023,8,3,Food & Beverage,North,13486,3937,85,2018,0.29200149674261744
2023-08-31 01:43:44.351950,2023,8,3,Food & Beverage,South,53219,9825,274,5526,0.1846300124709135
2023-08-31 01:43:44.351950,2023,8,3,Food & Beverage,East,40813,9341,491,5737,0.228880293123091
2023-08-31 01:43:44.351950,2023,8,3,Food & Beverage,West,17736,6099,175,1197,0.34389178892319006
2023-08-31 01:43:44.351950,2023,8,3,Food & Beverage,Central,51052,9318,347,4759,0.1825286081985368
2023-08-31 01:43:44.351950,2023,8,3,Beauty,North,28655,5054,149,1553,0.17639916624964969
2023-08-31 01:43:44.351950,2023,8,3,Beauty,South,24476,7324,126,1799,0.29925486521116423
2023-08-31 01:43:44.351950,2023,8,3,Beauty,East,45075,13734,577,2492,0.3046937593101648
2023-08-31 01:43:44.351950,2023,8,3,Beauty,West,27200,5774,362,3208,0.21229534776733655
2023-08-31 01:43:44.351950,2023,8,3,Beauty,Central,27469,7877,171,3268,0.28676626367445324
2023-09-30 01:43:44.351950,2023,9,3,Electronics,North,32767,9093,546,3170,0.2775244716904244
2023-09-30 01:43:44.351950,2023,9,3,Electronics,South,18780,5576,105,2652,0.29695690327236496
2023-09-30 01:43:44.351950,2023,9,3,Electronics,East,62127,10403,369,5233,0.16744819282963916
2023-09-30 01:43:44.351950,2023,9,3,Electronics,West,23418,6725,125,1990,0.2871960251231459
2023-09-30 01:43:44.351950,2023,9,3,Electronics,Central,39344,7740,385,5067,0.19673293456004132
2023-09-30 01:43:44.351950,2023,9,3,Clothing,North,14810,2998,197,1526,0.20249714178014522
2023-09-30 01:43:44.351950,2023,9,3,Clothing,South,19646,4183,530,2882,0.21294855329991855
2023-09-30 01:43:44.351950,2023,9,3,Clothing,East,37255,7868,465,3700,0.21119994887855734
2023-09-30 01:43:44.351950,2023,9,3,Clothing,West,33609,8641,884,3790,0.25711664519164196
2023-09-30 01:43:44.351950,2023,9,3,Clothing,Central,20934,4205,167,1453,0.20088963462020537
2023-09-30 01:43:44.351950,2023,9,3,Home Goods,North,12924,4293,111,1092,0.3321902955810102
2023-09-30 01:43:44.351950,2023,9,3,Home Goods,South,24075,4973,339,2233,0.20659916732742653
2023-09-30 01:43:44.351950,2023,9,3,Home Goods,East,9629,2412,125,914,0.2505470302391084
2023-09-30 01:43:44.351950,2023,9,3,Home Goods,West,36899,5764,348,4759,0.15621032166635687
2023-09-30 01:43:44.351950,2023,9,3,Home Goods,Central,18659,6333,132,1518,0.33944633585458833
2023-09-30 01:43:44.351950,2023,9,3,Food & Beverage,North,23758,6065,144,2172,0.2553150974645834
2023-09-30 01:43:44.351950,2023,9,3,Food & Beverage,South,46220,9428,711,5384,0.20399917439465634
2023-09-30 01:43:44.351950,2023,9,3,Food & Beverage,East,12701,2761,69,880,0.21741248126394247
2023-09-30 01:43:44.351950,2023,9,3,Food & Beverage,West,42756,11112,323,5105,0.2598991926474111
2023-09-30 01:43:44.351950,2023,9,3,Food & Beverage,Central,43286,7014,327,2600,0.16205225698849282
2023-09-30 01:43:44.351950,2023,9,3,Beauty,North,27101,4110,161,1556,0.15165971782078894
2023-09-30 01:43:44.351950,2023,9,3,Beauty,South,20191,4459,174,2916,0.22087535702510352
2023-09-30 01:43:44.351950,2023,9,3,Beauty,East,48836,16287,246,7125,0.3335197141687801
2023-09-30 01:43:44.351950,2023,9,3,Beauty,West,19537,4201,136,1590,0.21503955283046272
2023-09-30 01:43:44.351950,2023,9,3,Beauty,Central,44757,15199,298,3581,0.33959266049562126
2023-10-31 01:43:44.351950,2023,10,4,Electronics,North,37876,10039,211,5016,0.26505614550601203
2023-10-31 01:43:44.351950,2023,10,4,Electronics,South,43949,11718,330,2642,0.2666407840273389
2023-10-31 01:43:44.351950,2023,10,4,Electronics,East,51181,10708,381,6558,0.20922351637636183
2023-10-31 01:43:44.351950,2023,10,4,Electronics,West,58845,19460,344,5837,0.3307013396275177
2023-10-31 01:43:44.351950,2023,10,4,Electronics,Central,42012,13425,1400,2131,0.3195732595238576
2023-10-31 01:43:44.351950,2023,10,4,Clothing,North,31722,9382,813,1883,0.29575827402150084
2023-10-31 01:43:44.351950,2023,10,4,Clothing,South,40343,10286,268,5301,0.25497040305145807
2023-10-31 01:43:44.351950,2023,10,4,Clothing,East,29170,7004,171,1738,0.24012134354864756
2023-10-31 01:43:44.351950,2023,10,4,Clothing,West,19978,6038,384,2577,0.3022380454400879
2023-10-31 01:43:44.351950,2023,10,4,Clothing,Central,41713,7943,1986,4218,0.19042978358784532
2023-10-31 01:43:44.351950,2023,10,4,Home Goods,North,33308,7023,250,4039,0.21086950385127134
2023-10-31 01:43:44.351950,2023,10,4,Home Goods,South,11886,2053,78,773,0.1727606124994725
2023-10-31 01:43:44.351950,2023,10,4,Home Goods,East,13632,2051,174,1707,0.1505167705117943
2023-10-31 01:43:44.351950,2023,10,4,Home Goods,West,42833,14946,329,5419,0.3489416953570617
2023-10-31 01:43:44.351950,2023,10,4,Home Goods,Central,28520,6576,209,3940,0.23059942715172313
2023-10-31 01:43:44.351950,2023,10,4,Food & Beverage,North,25234,7525,350,3121,0.2982449228062667
2023-10-31 01:43:44.351950,2023,10,4,Food & Beverage,South,45356,14244,260,4300,0.31406744584945423
2023-10-31 01:43:44.351950,2023,10,4,Food & Beverage,East,28407,8456,617,3456,0.29770715746398047
2023-10-31 01:43:44.351950,2023,10,4,Food & Beverage,West,29847,5649,200,3773,0.18926833969433887
2023-10-31 01:43:44.351950,2023,10,4,Food & Beverage,Central,39122,10571,416,2971,0.2702250889598943
2023-10-31 01:43:44.351950,2023,10,4,Beauty,North,54346,14470,325,7942,0.266274384557148
2023-10-31 01:43:44.351950,2023,10,4,Beauty,South,32675,10172,186,4181,0.3113318177558262
2023-10-31 01:43:44.351950,2023,10,4,Beauty,East,23332,7768,146,3458,0.3329511914300595
2023-10-31 01:43:44.351950,2023,10,4,Beauty,West,33948,7149,789,3950,0.21058974632615818
2023-10-31 01:43:44.351950,2023,10,4,Beauty,Central,27478,5738,254,2832,0.20885051483296602
2023-11-30 01:43:44.351950,2023,11,4,Electronics,North,21720,3622,387,2756,0.16676202656372133
2023-11-30 01:43:44.351950,2023,11,4,Electronics,South,81091,13162,1689,9657,0.1623133836093071
2023-11-30 01:43:44.351950,2023,11,4,Electronics,East,79483,16102,407,7606,0.20259331224989066
2023-11-30 01:43:44.351950,2023,11,4,Electronics,West,94951,18024,1078,8403,0.1898344878218874
2023-11-30 01:43:44.351950,2023,11,4,Electronics,Central,91417,31035,1269,8928,0.33949035629912516
2023-11-30 01:43:44.351950,2023,11,4,Clothing,North,69791,15947,369,6707,0.2284998733722392
2023-11-30 01:43:44.351950,2023,11,4,Clothing,South,21903,4186,159,1544,0.19115780776905086
2023-11-30 01:43:44.351950,2023,11,4,Clothing,East,17082,3376,284,1886,0.1976930542461118
2023-11-30 01:43:44.351950,2023,11,4,Clothing,West,28917,8902,195,1462,0.307869925097917
2023-11-30 01:43:44.351950,2023,11,4,Clothing,Central,18252,5398,98,1316,0.29577648344402596
2023-11-30 01:43:44.351950,2023,11,4,Home Goods,North,34089,7466,454,4152,0.21901636781068032
2023-11-30 01:43:44.351950,2023,11,4,Home Goods,South,42140,11585,339,3866,0.27493884459599754
2023-11-30 01:43:44.351950,2023,11,4,Home Goods,East,56855,19759,317,6817,0.3475379271711462
2023-11-30 01:43:44.351950,2023,11,4,Home Goods,West,15746,2691,194,1807,0.17094208074099276
2023-11-30 01:43:44.351950,2023,11,4,Home Goods,Central,19635,5145,727,2149,0.2620630932068787
2023-11-30 01:43:44.351950,2023,11,4,Food & Beverage,North,39291,6139,913,5825,0.156257387290828
2023-11-30 01:43:44.351950,2023,11,4,Food & Beverage,South,44360,9405,235,2791,0.21201781449771412
2023-11-30 01:43:44.351950,2023,11,4,Food & Beverage,East,15942,2585,79,1725,0.16217266693321747
2023-11-30 01:43:44.351950,2023,11,4,Food & Beverage,West,32469,9111,178,1713,0.28062303032538155
2023-11-30 01:43:44.351950,2023,11,4,Food & Beverage,Central,36909,10213,1085,4375,0.27672700948941875
2023-11-30 01:43:44.351950,2023,11,4,Beauty,North,78767,12293,2250,7617,0.1560747620575333
2023-11-30 01:43:44.351950,2023,11,4,Beauty,South,43962,12345,523,6069,0.2808121107859085
2023-11-30 01:43:44.351950,2023,11,4,Beauty,East,35124,9695,688,2193,0.2760462915298667
2023-11-30 01:43:44.351950,2023,11,4,Beauty,West,21438,5520,168,3116,0.25753050008842937
2023-11-30 01:43:44.351950,2023,11,4,Beauty,Central,54867,18429,428,5978,0.33590179912963947
2023-12-31 01:43:44.351950,2023,12,4,Electronics,North,31739,7106,195,4570,0.22390853099752417
2023-12-31 01:43:44.351950,2023,12,4,Electronics,South,51091,17879,1761,7406,0.3499452487926275
2023-12-31 01:43:44.351950,2023,12,4,Electronics,East,29718,9968,157,3941,0.3354458042848781
2023-12-31 01:43:44.351950,2023,12,4,Electronics,West,20242,6407,161,2610,0.3165677194136943
2023-12-31 01:43:44.351950,2023,12,4,Electronics,Central,78797,12464,630,4747,0.15818646906788622
2023-12-31 01:43:44.351950,2023,12,4,Clothing,North,70872,24325,373,9033,0.34322832166428296
2023-12-31 01:43:44.351950,2023,12,4,Clothing,South,56505,19152,1228,6477,0.33895385476226175
2023-12-31 01:43:44.351950,2023,12,4,Clothing,East,34327,11485,434,2124,0.33459304960938946
2023-12-31 01:43:44.351950,2023,12,4,Clothing,West,30099,7998,289,3080,0.26572580172465565
2023-12-31 01:43:44.351950,2023,12,4,Clothing,Central,73561,21052,728,8783,0.28619350035432467
2023-12-31 01:43:44.351950,2023,12,4,Home Goods,North,73427,17298,3496,5493,0.23559102739521953
2023-12-31 01:43:44.351950,2023,12,4,Home Goods,South,32152,6537,618,2580,0.20333325236923513
2023-12-31 01:43:44.351950,2023,12,4,Home Goods,East,41769,8235,449,3902,0.19716598516731998
2023-12-31 01:43:44.351950,2023,12,4,Home Goods,West,39972,11593,243,3341,0.29004676758824927
2023-12-31 01:43:44.351950,2023,12,4,Home Goods,Central,24914,7856,171,2110,0.31534385304081414
2023-12-31 01:43:44.351950,2023,12,4,Food & Beverage,North,46327,8639,295,3510,0.18649154277179858
2023-12-31 01:43:44.351950,2023,12,4,Food & Beverage,South,27568,8187,225,3014,0.2969956419906654
2023-12-31 01:43:44.351950,2023,12,4,Food & Beverage,East,49266,12675,507,3812,0.2572959707978867
2023-12-31 01:43:44.351950,2023,12,4,Food & Beverage,West,68752,10681,379,4980,0.15536817516344834
2023-12-31 01:43:44.351950,2023,12,4,Food & Beverage,Central,28072,9213,501,1916,0.3282185380831567
2023-12-31 01:43:44.351950,2023,12,4,Beauty,North,76989,23318,411,8859,0.30288600267012356
2023-12-31 01:43:44.351950,2023,12,4,Beauty,South,16571,3682,142,1259,0.22224822707968916
2023-12-31 01:43:44.351950,2023,12,4,Beauty,East,33438,9929,619,4171,0.2969601279892637
2023-12-31 01:43:44.351950,2023,12,4,Beauty,West,57675,15177,291,4684,0.26315148562104596
2023-12-31 01:43:44.351950,2023,12,4,Beauty,Central,66111,15923,337,7569,0.24085361524159113
2024-01-31 01:43:44.351950,2024,1,1,Electronics,North,55232,13537,1492,3043,0.24510925132918343
2024-01-31 01:43:44.351950,2024,1,1,Electronics,South,27887,9646,303,3769,0.3459230856378515
2024-01-31 01:43:44.351950,2024,1,1,Electronics,East,13405,3652,273,1121,0.2724675220080175
2024-01-31 01:43:44.351950,2024,1,1,Electronics,West,16344,5596,89,933,0.342417591880099
2024-01-31 01:43:44.351950,2024,1,1,Electronics,Central,57375,17391,1912,5165,0.30312305719937394
2024-01-31 01:43:44.351950,2024,1,1,Clothing,North,42760,13539,234,5736,0.31663327386519624
2024-01-31 01:43:44.351950,2024,1,1,Clothing,South,16917,4425,375,1469,0.26157943295725633
2024-01-31 01:43:44.351950,2024,1,1,Clothing,East,16981,3463,265,2522,0.20396104788307257
2024-01-31 01:43:44.351950,2024,1,1,Clothing,West,39888,9021,271,3556,0.22618170389865386
2024-01-31 01:43:44.351950,2024,1,1,Clothing,Central,18004,3824,98,2383,0.21245208110154123
2024-01-31 01:43:44.351950,2024,1,1,Home Goods,North,47506,11662,413,5545,0.24548536420092942
2024-01-31 01:43:44.351950,2024,1,1,Home Goods,South,39542,11761,859,3371,0.29743379862743013
2024-01-31 01:43:44.351950,2024,1,1,Home Goods,East,25969,5417,337,1956,0.208618034347726
2024-01-31 01:43:44.351950,2024,1,1,Home Goods,West,14748,3144,103,1550,0.21324247781449965
2024-01-31 01:43:44.351950,2024,1,1,Home Goods,Central,38925,9026,280,2073,0.23188521020383113
2024-01-31 01:43:44.351950,2024,1,1,Food & Beverage,North,12469,3731,226,890,0.29923339645726865
2024-01-31 01:43:44.351950,2024,1,1,Food & Beverage,South,14696,4897,349,1466,0.3332299821076088
2024-01-31 01:43:44.351950,2024,1,1,Food & Beverage,East,44845,14546,273,4204,0.3243643565246767
2024-01-31 01:43:44.351950,2024,1,1,Food & Beverage,West,17470,4491,397,2595,0.2570877345885654
2024-01-31 01:43:44.351950,2024,1,1,Food & Beverage,Central,38175,6198,268,4763,0.16238084843039605
2024-01-31 01:43:44.351950,2024,1,1,Beauty,North,51845,8555,1481,4195,0.1650255459389965
2024-01-31 01:43:44.351950,2024,1,1,Beauty,South,29307,6848,261,3893,0.23368714886179665
2024-01-31 01:43:44.351950,2024,1,1,Beauty,East,44316,14072,852,4704,0.3175456142105107
2024-01-31 01:43:44.351950,2024,1,1,Beauty,West,19351,5707,172,1049,0.29495012990458735
2024-01-31 01:43:44.351950,2024,1,1,Beauty,Central,47042,9516,265,7047,0.20229298074296878
2024-02-29 01:43:44.351950,2024,2,1,Electronics,North,40772,12569,258,4872,0.3082995933653413
2024-02-29 01:43:44.351950,2024,2,1,Electronics,South,36422,5776,195,2946,0.15860544081395458
2024-02-29 01:43:44.351950,2024,2,1,Electronics,East,42069,12895,264,5927,0.30652974691002144
2024-02-29 01:43:44.351950,2024,2,1,Electronics,West,35352,11328,620,2447,0.32044230094390536
2024-02-29 01:43:44.351950,2024,2,1,Electronics,Central,15386,3141,404,1351,0.2042043152622487
2024-02-29 01:43:44.351950,2024,2,1,Clothing,North,40753,12894,370,5697,0.3164072542192007
2024-02-29 01:43:44.351950,2024,2,1,Clothing,South,25365,5158,1268,2528,0.20335684961198888
2024-02-29 01:43:44.351950,2024,2,1,Clothing,East,26039,7995,243,3751,0.30706659549086435
2024-02-29 01:43:44.351950,2024,2,1,Clothing,West,22258,4391,250,2825,0.1972969746633355
2024-02-29 01:43:44.351950,2024,2,1,Clothing,Central,39858,9002,203,3325,0.22586445086015697
2024-02-29 01:43:44.351950,2024,2,1,Home Goods,North,40903,9502,254,5942,0.23231215353235074
2024-02-29 01:43:44.351950,2024,2,1,Home Goods,South,23693,7712,658,3224,0.3255010204141766
2024-02-29 01:43:44.351950,2024,2,1,Home Goods,East,15063,2495,98,1658,0.16565363886429194
2024-02-29 01:43:44.351950,2024,2,1,Home Goods,West,19242,4187,278,1493,0.21761756577895278
2024-02-29 01:43:44.351950,2024,2,1,Home Goods,Central,33851,7940,593,4645,0.2345828956176304
2024-02-29 01:43:44.351950,2024,2,1,Food & Beverage,North,48191,8936,419,6765,0.18544702134927793
2024-02-29 01:43:44.351950,2024,2,1,Food & Beverage,South,43004,10190,263,5488,0.23696970089088323
2024-02-29 01:43:44.351950,2024,2,1,Food & Beverage,East,39233,12276,388,4321,0.3129002509661916
2024-02-29 01:43:44.351950,2024,2,1,Food & Beverage,West,39647,6973,1321,4197,0.17587753975454132
2024-02-29 01:43:44.351950,2024,2,1,Food & Beverage,Central,44107,9043,352,6194,0.20503416521105924
2024-02-29 01:43:44.351950,2024,2,1,Beauty,North,13340,2214,78,1832,0.16602390684529766
2024-02-29 01:43:44.351950,2024,2,1,Beauty,South,36556,9963,589,2541,0.2725431049613751
2024-02-29 01:43:44.351950,2024,2,1,Beauty,East,23069,4065,490,2691,0.17623397659030746
2024-02-29 01:43:44.351950,2024,2,1,Beauty,West,49396,10132,1073,4278,0.20512038217778872
2024-02-29 01:43:44.351950,2024,2,1,Beauty,Central,22414,5312,183,2340,0.23702863206646801
2024-03-31 01:43:44.351950,2024,3,1,Electronics,North,69550,16683,643,9010,0.23988195299136708
2024-03-31 01:43:44.351950,2024,3,1,Electronics,South,61505,15468,323,8783,0.2514950492665339
2024-03-31 01:43:44.351950,2024,3,1,Electronics,East,62907,19924,1143,7968,0.31673183760851537
2024-03-31 01:43:44.351950,2024,3,1,Electronics,West,57978,19362,1756,3173,0.33396650968261116
2024-03-31 01:43:44.351950,2024,3,1,Electronics,Central,37246,5960,200,4878,0.16002672476706706
2024-03-31 01:43:44.351950,2024,3,1,Clothing,North,13037,2671,176,1483,0.20492611283241968
2024-03-31 01:43:44.351950,2024,3,1,Clothing,South,28051,9060,355,4078,0.3229860845727247
2024-03-31 01:43:44.351950,2024,3,1,Clothing,East,10627,3210,114,807,0.30211787045735067
2024-03-31 01:43:44.351950,2024,3,1,Clothing,West,22387,4684,133,1138,0.20924147040526664
2024-03-31 01:43:44.351950,2024,3,1,Clothing,Central,45987,11675,582,5908,0.25387837417172704
2024-03-31 01:43:44.351950,2024,3,1,Home Goods,North,46856,14818,616,5327,0.3162542156308138
2024-03-31 01:43:44.351950,2024,3,1,Home Goods,South,20757,5099,340,1855,0.24569015333826077
2024-03-31 01:43:44.351950,2024,3,1,Home Goods,East,17500,4675,148,1067,0.2671853948329777
2024-03-31 01:43:44.351950,2024,3,1,Home Goods,West,24949,6345,415,2854,0.25435433648464334
2024-03-31 01:43:44.351950,2024,3,1,Home Goods,Central,25170,4559,173,1579,0.18114424955838782
2024-03-31 01:43:44.351950,2024,3,1,Food & Beverage,North,48323,16075,929,5650,0.3326637955887871
2024-03-31 01:43:44.351950,2024,3,1,Food & Beverage,South,44390,7941,1644,5427,0.17889388179637236
2024-03-31 01:43:44.351950,2024,3,1,Food & Beverage,East,18611,5811,170,2027,0.312275211124763
2024-03-31 01:43:44.351950,2024,3,1,Food & Beverage,West,17003,4498,566,909,0.2645865040643657
2024-03-31 01:43:44.351950,2024,3,1,Food & Beverage,Central,11900,2262,62,1098,0.19014046437176768
2024-03-31 01:43:44.351950,2024,3,1,Beauty,North,49472,13304,811,4485,0.26892077294154804
2024-03-31 01:43:44.351950,2024,3,1,Beauty,South,30901,10675,183,2025,0.34546555746802043
2024-03-31 01:43:44.351950,2024,3,1,Beauty,East,42666,14144,266,5558,0.33150938070984903
2024-03-31 01:43:44.351950,2024,3,1,Beauty,West,20040,3539,339,1587,0.17662337014876922
2024-03-31 01:43:44.351950,2024,3,1,Beauty,Central,20165,4178,106,2349,0.20719481726386074
2024-04-30 01:43:44.351950,2024,4,2,Electronics,North,18595,6402,241,1868,0.34429019290575186
2024-04-30 01:43:44.351950,2024,4,2,Electronics,South,24867,5630,142,2178,0.2264352170807583
2024-04-30 01:43:44.351950,2024,4,2,Electronics,East,42343,6759,328,6190,0.1596352824886363
2024-04-30 01:43:44.351950,2024,4,2,Electronics,West,37230,7880,195,2536,0.21165894993876458
2024-04-30 01:43:44.351950,2024,4,2,Electronics,Central,36628,9454,446,4416,0.2581279925973309
2024-04-30 01:43:44.351950,2024,4,2,Clothing,North,41806,11152,383,3676,0.26675847243621403
2024-04-30 01:43:44.351950,2024,4,2,Clothing,South,22865,5772,178,1273,0.2524755256326281
2024-04-30 01:43:44.351950,2024,4,2,Clothing,East,27392,6641,173,2681,0.24245849328218444
2024-04-30 01:43:44.351950,2024,4,2,Clothing,West,25428,7916,189,3286,0.3113362456045562
2024-04-30 01:43:44.351950,2024,4,2,Clothing,Central,15128,4239,302,2260,0.2802298759364322
2024-04-30 01:43:44.351950,2024,4,2,Home Goods,North,48224,16781,1928,3480,0.34799189501373967
2024-04-30 01:43:44.351950,2024,4,2,Home Goods,South,35381,6092,505,4482,0.17219283398693666
2024-04-30 01:43:44.351950,2024,4,2,Home Goods,East,11904,3011,83,1150,0.2529790444716268
2024-04-30 01:43:44.351950,2024,4,2,Home Goods,West,25464,7609,163,3359,0.29882833607660686
2024-04-30 01:43:44.351950,2024,4,2,Home Goods,Central,36359,6722,191,4340,0.18488238227011144
2024-04-30 01:43:44.351950,2024,4,2,Food & Beverage,North,27815,6349,155,1455,0.22826482073312326
2024-04-30 01:43:44.351950,2024,4,2,Food & Beverage,South,13384,2814,74,958,0.21026914984982117
2024-04-30 01:43:44.351950,2024,4,2,Food & Beverage,East,18133,5673,125,1258,0.31288455067915555
2024-04-30 01:43:44.351950,2024,4,2,Food & Beverage,West,22169,7164,152,1890,0.3231676971774318
2024-04-30 01:43:44.351950,2024,4,2,Food & Beverage,Central,15933,2656,146,2003,0.1666986816639016
2024-04-30 01:43:44.351950,2024,4,2,Beauty,North,53260,15484,352,5826,0.29073568725820603
2024-04-30 01:43:44.351950,2024,4,2,Beauty,South,34899,11195,1517,2608,0.320800860376274
2024-04-30 01:43:44.351950,2024,4,2,Beauty,East,16487,5138,284,1271,0.31166785913766926
2024-04-30 01:43:44.351950,2024,4,2,Beauty,West,22368,5164,559,2834,0.23088136762238154
2024-04-30 01:43:44.351950,2024,4,2,Beauty,Central,48192,10834,926,4502,0.22481133550091234
2024-05-31 01:43:44.351950,2024,5,2,Electronics,North,46972,11521,248,4191,0.24527700832925314
2024-05-31 01:43:44.351950,2024,5,2,Electronics,South,43239,14064,1137,2491,0.3252629790123091
2024-05-31 01:43:44.351950,2024,5,2,Electronics,East,26851,7657,221,2287,0.2851689130034549
2024-05-31 01:43:44.351950,2024,5,2,Electronics,West,38313,8512,563,4989,0.22218472921608948
2024-05-31 01:43:44.351950,2024,5,2,Electronics,Central,21925,7183,149,1533,0.32765778582049837
2024-05-31 01:43:44.351950,2024,5,2,Clothing,North,17201,5174,277,2271,0.3007974274379594
2024-05-31 01:43:44.351950,2024,5,2,Clothing,South,45733,10526,994,3910,0.2301810971672285
2024-05-31 01:43:44.351950,2024,5,2,Clothing,East,34174,9394,406,3170,0.2748998299334559
2024-05-31 01:43:44.351950,2024,5,2,Clothing,West,45294,10270,235,3375,0.22675492690617197
2024-05-31 01:43:44.351950,2024,5,2,Clothing,Central,49669,9198,709,4099,0.18520596904317566
2024-05-31 01:43:44.351950,2024,5,2,Home Goods,North,17966,5628,139,926,0.3132800537830857
2024-05-31 01:43:44.351950,2024,5,2,Home Goods,South,14882,3007,103,2093,0.20209255638677195
2024-05-31 01:43:44.351950,2024,5,2,Home Goods,East,33921,11474,314,4740,0.338266237493182
2024-05-31 01:43:44.351950,2024,5,2,Home Goods,West,25863,6271,164,3063,0.24250332928804058
2024-05-31 01:43:44.351950,2024,5,2,Home Goods,Central,41136,13422,1142,5538,0.3263054458494629
2024-05-31 01:43:44.351950,2024,5,2,Food & Beverage,North,18587,3225,929,2723,0.1735154158055044
2024-05-31 01:43:44.351950,2024,5,2,Food & Beverage,South,30244,7645,1080,3711,0.25278572110236763
2024-05-31 01:43:44.351950,2024,5,2,Food & Beverage,East,47789,13916,1016,6736,0.2912012831876508
2024-05-31 01:43:44.351950,2024,5,2,Food & Beverage,West,12872,4245,536,1505,0.3298142999413292
2024-05-31 01:43:44.351950,2024,5,2,Food & Beverage,Central,42109,6462,859,5805,0.15348078107014868
2024-05-31 01:43:44.351950,2024,5,2,Beauty,North,30002,5231,576,3673,0.1743711057072279
2024-05-31 01:43:44.351950,2024,5,2,Beauty,South,22382,6885,520,2142,0.3076453713226972
2024-05-31 01:43:44.351950,2024,5,2,Beauty,East,33547,5325,435,4049,0.15874435959517944
2024-05-31 01:43:44.351950,2024,5,2,Beauty,West,36502,7779,776,2232,0.21313789845686504
2024-05-31 01:43:44.351950,2024,5,2,Beauty,Central,23300,4100,685,2526,0.17597906307989683
2024-06-30 01:43:44.351950,2024,6,2,Electronics,North,20410,5605,144,1893,0.2746654406208944
2024-06-30 01:43:44.351950,2024,6,2,Electronics,South,31499,5158,256,2516,0.16378145923448886
2024-06-30 01:43:44.351950,2024,6,2,Electronics,East,60958,16741,1269,7250,0.2746474421400077
2024-06-30 01:43:44.351950,2024,6,2,Electronics,West,38058,6344,328,3082,0.1667032814308283
2024-06-30 01:43:44.351950,2024,6,2,Electronics,Central,22467,6055,147,2670,0.2695177657548823
2024-06-30 01:43:44.351950,2024,6,2,Clothing,North,18960,4254,861,1958,0.22439755869752556
2024-06-30 01:43:44.351950,2024,6,2,Clothing,South,49579,10296,774,3275,0.20768590633502593
2024-06-30 01:43:44.351950,2024,6,2,Clothing,East,42949,12444,405,5191,0.28975467847639874
2024-06-30 01:43:44.351950,2024,6,2,Clothing,West,40581,13742,341,3206,0.3386353272703758
2024-06-30 01:43:44.351950,2024,6,2,Clothing,Central,17028,5911,87,2310,0.3471928333253257
2024-06-30 01:43:44.351950,2024,6,2,Home Goods,North,25435,6681,273,2529,0.2627048907052867
2024-06-30 01:43:44.351950,2024,6,2,Home Goods,South,27738,9533,264,1928,0.343703548630668
2024-06-30 01:43:44.351950,2024,6,2,Home Goods,East,26284,6303,176,3076,0.2398262323709427
2024-06-30 01:43:44.351950,2024,6,2,Home Goods,West,44315,7434,1197,5225,0.1677710441632105
2024-06-30 01:43:44.351950,2024,6,2,Home Goods,Central,20591,3428,137,1295,0.16648229785116264
2024-06-30 01:43:44.351950,2024,6,2,Food & Beverage,North,64623,17034,493,9182,0.26359793550840993
2024-06-30 01:43:44.351950,2024,6,2,Food & Beverage,South,52829,13196,600,7530,0.24978788678113684
2024-06-30 01:43:44.351950,2024,6,2,Food & Beverage,East,15807,5271,84,2063,0.33348593057796905
2024-06-30 01:43:44.351950,2024,6,2,Food & Beverage,West,45099,9100,2049,6152,0.20180011061510494
2024-06-30 01:43:44.351950,2024,6,2,Food & Beverage,Central,34099,8063,194,4603,0.23646931528440146
2024-06-30 01:43:44.351950,2024,6,2,Beauty,North,41860,14054,233,5188,0.3357497259156532
2024-06-30 01:43:44.351950,2024,6,2,Beauty,South,10037,2842,59,1385,0.28325021506623804
2024-06-30 01:43:44.351950,2024,6,2,Beauty,East,39011,8344,250,4363,0.213905169995182
2024-06-30 01:43:44.351950,2024,6,2,Beauty,West,44490,13240,241,5992,0.29761072476311456
2024-06-30 01:43:44.351950,2024,6,2,Beauty,Central,36635,6178,228,3064,0.1686533520233469
2024-07-31 01:43:44.351950,2024,7,3,Electronics,North,52007,15714,509,3838,0.3021691139125309
2024-07-31 01:43:44.351950,2024,7,3,Electronics,South,22915,6664,246,2711,0.2908480484772501
2024-07-31 01:43:44.351950,2024,7,3,Electronics,East,55532,18215,487,7891,0.3280091746289114
2024-07-31 01:43:44.351950,2024,7,3,Electronics,West,28042,5816,400,2897,0.2074097778766376
2024-07-31 01:43:44.351950,2024,7,3,Electronics,Central,54260,8173,364,6591,0.15062856910201225
2024-07-31 01:43:44.351950,2024,7,3,Clothing,North,63323,14768,695,7359,0.23322681987962246
2024-07-31 01:43:44.351950,2024,7,3,Clothing,South,29419,9881,148,3963,0.33590426248214417
2024-07-31 01:43:44.351950,2024,7,3,Clothing,East,30332,6624,522,3897,0.21838957770605993
2024-07-31 01:43:44.351950,2024,7,3,Clothing,West,51300,17265,1221,4412,0.3365592553145604
2024-07-31 01:43:44.351950,2024,7,3,Clothing,Central,35128,6671,308,3864,0.1899183566628466
2024-07-31 01:43:44.351950,2024,7,3,Home Goods,North,16842,4703,134,1222,0.2792654317759301
2024-07-31 01:43:44.351950,2024,7,3,Home Goods,South,16957,4166,194,1873,0.24569859256044407
2024-07-31 01:43:44.351950,2024,7,3,Home Goods,East,43001,7385,425,5830,0.171757918837459
2024-07-31 01:43:44.351950,2024,7,3,Home Goods,West,16388,3120,381,1462,0.19038408258124837
2024-07-31 01:43:44.351950,2024,7,3,Home Goods,Central,37927,12389,375,3074,0.32667894867419933
2024-07-31 01:43:44.351950,2024,7,3,Food & Beverage,North,31150,9090,426,3630,0.29182857533574497
2024-07-31 01:43:44.351950,2024,7,3,Food & Beverage,South,39433,12840,985,3840,0.32563427851646215
2024-07-31 01:43:44.351950,2024,7,3,Food & Beverage,East,54138,17721,1640,5327,0.32733501969998197
2024-07-31 01:43:44.351950,2024,7,3,Food & Beverage,West,42363,13442,694,3108,0.317314576590167
2024-07-31 01:43:44.351950,2024,7,3,Food & Beverage,Central,36847,6552,1842,5109,0.1778272676209608
2024-07-31 01:43:44.351950,2024,7,3,Beauty,North,12993,2517,224,1501,0.19373088310344877
2024-07-31 01:43:44.351950,2024,7,3,Beauty,South,37620,6234,990,3236,0.16571207176086578
2024-07-31 01:43:44.351950,2024,7,3,Beauty,East,10945,2856,91,1451,0.26099866997942783
2024-07-31 01:43:44.351950,2024,7,3,Beauty,West,30257,4870,630,1793,0.16097048457917698
2024-07-31 01:43:44.351950,2024,7,3,Beauty,Central,26645,9129,258,3463,0.34261786685141704
2024-08-31 01:43:44.351950,2024,8,3,Electronics,North,59898,17159,447,8187,0.28647305797605016
2024-08-31 01:43:44.351950,2024,8,3,Electronics,South,30789,6900,163,3047,0.22412383641497166
2024-08-31 01:43:44.351950,2024,8,3,Electronics,East,33736,5689,1249,2173,0.16864293560955734
2024-08-31 01:43:44.351950,2024,8,3,Electronics,West,37785,7232,994,4335,0.191410141967987
2024-08-31 01:43:44.351950,2024,8,3,Electronics,Central,14029,4507,250,1647,0.3213210244029021
2024-08-31 01:43:44.351950,2024,8,3,Clothing,North,15768,5067,286,1296,0.3213878272252654
2024-08-31 01:43:44.351950,2024,8,3,Clothing,South,53225,16858,902,3123,0.31673573155155255
2024-08-31 01:43:44.351950,2024,8,3,Clothing,East,51292,10203,293,7172,0.19893837265410055
2024-08-31 01:43:44.351950,2024,8,3,Clothing,West,20550,3636,223,2842,0.1769553765639003
2024-08-31 01:43:44.351950,2024,8,3,Clothing,Central,38644,7002,402,3229,0.18120580290520732
2024-08-31 01:43:44.351950,2024,8,3,Home Goods,North,26439,5914,303,3613,0.2237025427700609
2024-08-31 01:43:44.351950,2024,8,3,Home Goods,South,19349,4267,244,1897,0.22056148533085929
2024-08-31 01:43:44.351950,2024,8,3,Home Goods,East,36351,8891,293,2601,0.24459335924386194
2024-08-31 01:43:44.351950,2024,8,3,Home Goods,West,28422,8416,258,4053,0.29613211059271105
2024-08-31 01:43:44.351950,2024,8,3,Home Goods,Central,41958,12100,839,2284,0.2884054003775257
2024-08-31 01:43:44.351950,2024,8,3,Food & Beverage,North,47193,10159,265,6423,0.21526956222600466
2024-08-31 01:43:44.351950,2024,8,3,Food & Beverage,South,30973,9700,794,2980,0.3131967752264302
2024-08-31 01:43:44.351950,2024,8,3,Food & Beverage,East,26475,4825,339,3669,0.18227627801608062
2024-08-31 01:43:44.351950,2024,8,3,Food & Beverage,West,50095,16896,307,4368,0.3372985058407505
2024-08-31 01:43:44.351950,2024,8,3,Food & Beverage,Central,16952,2684,107,2311,0.15837850027439884
2024-08-31 01:43:44.351950,2024,8,3,Beauty,North,35285,7337,1037,4331,0.2079390844262159
2024-08-31 01:43:44.351950,2024,8,3,Beauty,South,22271,4708,322,2763,0.21143751789880355
2024-08-31 01:43:44.351950,2024,8,3,Beauty,East,29173,6503,249,1671,0.22293598222698485
2024-08-31 01:43:44.351950,2024,8,3,Beauty,West,28981,6724,188,1937,0.2320165543712549
2024-08-31 01:43:44.351950,2024,8,3,Beauty,Central,11123,1981,185,1085,0.17810070909497583
2024-09-30 01:43:44.351950,2024,9,3,Electronics,North,32904,6383,170,4887,0.19400975056147501
2024-09-30 01:43:44.351950,2024,9,3,Electronics,South,20591,4736,388,2438,0.23001655235252744
2024-09-30 01:43:44.351950,2024,9,3,Electronics,East,35374,8668,330,1875,0.2450499534234537
2024-09-30 01:43:44.351950,2024,9,3,Electronics,West,27740,7722,221,4094,0.2783987952425919
2024-09-30 01:43:44.351950,2024,9,3,Electronics,Central,28548,4316,519,3887,0.15120426489451091
2024-09-30 01:43:44.351950,2024,9,3,Clothing,North,11431,3721,71,1038,0.32555751603763866
2024-09-30 01:43:44.351950,2024,9,3,Clothing,South,22118,4852,110,2373,0.21938493920325985
2024-09-30 01:43:44.351950,2024,9,3,Clothing,East,34165,5699,232,3627,0.16683141322596712
2024-09-30 01:43:44.351950,2024,9,3,Clothing,West,27077,5009,185,1951,0.18502592845194477
2024-09-30 01:43:44.351950,2024,9,3,Clothing,Central,45026,10933,326,3912,0.24282015510225985
2024-09-30 01:43:44.351950,2024,9,3,Home Goods,North,24375,5717,165,1576,0.23457795437818696
2024-09-30 01:43:44.351950,2024,9,3,Home Goods,South,11916,3652,88,1613,0.306506366111174
2024-09-30 01:43:44.351950,2024,9,3,Home Goods,East,31677,6929,313,4377,0.21874391131191734
2024-09-30 01:43:44.351950,2024,9,3,Home Goods,West,14293,2366,178,1084,0.16558571789140433
2024-09-30 01:43:44.351950,2024,9,3,Home Goods,Central,9792,2786,111,1466,0.28455082237407636
2024-09-30 01:43:44.351950,2024,9,3,Food & Beverage,North,32073,5435,276,3765,0.16947945633702152
2024-09-30 01:43:44.351950,2024,9,3,Food & Beverage,South,44551,7350,696,5944,0.16498979008565978
2024-09-30 01:43:44.351950,2024,9,3,Food & Beverage,East,43477,13677,329,6381,0.31458229422149153
2024-09-30 01:43:44.351950,2024,9,3,Food & Beverage,West,13803,2571,110,1290,0.1863135058497027
2024-09-30 01:43:44.351950,2024,9,3,Food & Beverage,Central,23198,6277,122,3070,0.2706088905431005
2024-09-30 01:43:44.351950,2024,9,3,Beauty,North,13902,2096,173,1228,0.15077839291576858
2024-09-30 01:43:44.351950,2024,9,3,Beauty,South,28652,9479,321,3008,0.33085519998120394
2024-09-30 01:43:44.351950,2024,9,3,Beauty,East,27696,7150,469,1795,0.25816109959974554
2024-09-30 01:43:44.351950,2024,9,3,Beauty,West,40220,10959,261,6000,0.272492985667686
2024-09-30 01:43:44.351950,2024,9,3,Beauty,Central,11735,2119,76,634,0.18059987279855258
2024-10-31 01:43:44.351950,2024,10,4,Electronics,North,31999,8719,170,3293,0.27250646204995316
2024-10-31 01:43:44.351950,2024,10,4,Electronics,South,46744,8382,329,2630,0.17932402575344727
2024-10-31 01:43:44.351950,2024,10,4,Electronics,East,53818,17340,300,6455,0.32220756506058457
2024-10-31 01:43:44.351950,2024,10,4,Electronics,West,52816,8800,574,5883,0.16662370891629097
2024-10-31 01:43:44.351950,2024,10,4,Electronics,Central,18018,2735,268,2325,0.15183470145297698
2024-10-31 01:43:44.351950,2024,10,4,Clothing,North,44174,8029,274,5693,0.181766145967735
2024-10-31 01:43:44.351950,2024,10,4,Clothing,South,16388,4136,124,2420,0.25241382048556005
2024-10-31 01:43:44.351950,2024,10,4,Clothing,East,38794,6859,1616,2461,0.17681571607872812
2024-10-31 01:43:44.351950,2024,10,4,Clothing,West,32861,11120,307,2368,0.33839701177856796
2024-10-31 01:43:44.351950,2024,10,4,Clothing,Central,26956,6919,456,2769,0.2566873555624407
2024-10-31 01:43:44.351950,2024,10,4,Home Goods,North,36281,10239,226,2381,0.28221760961742437
2024-10-31 01:43:44.351950,2024,10,4,Home Goods,South,9304,1837,67,1183,0.1974815805309227
2024-10-31 01:43:44.351950,2024,10,4,Home Goods,East,44850,14600,527,3493,0.32553601334228954
2024-10-31 01:43:44.351950,2024,10,4,Home Goods,West,13997,4771,358,1414,0.3409273540023471
2024-10-31 01:43:44.351950,2024,10,4,Home Goods,Central,42942,9752,780,3058,0.22711557555597536
2024-10-31 01:43:44.351950,2024,10,4,Food & Beverage,North,26704,8837,278,1706,0.3309360945423857
2024-10-31 01:43:44.351950,2024,10,4,Food & Beverage,South,37967,7234,622,5645,0.19055212649961922
2024-10-31 01:43:44.351950,2024,10,4,Food & Beverage,East,44214,12013,749,6404,0.2717143208329467
2024-10-31 01:43:44.351950,2024,10,4,Food & Beverage,West,19603,4917,141,1965,0.2508415353557785
2024-10-31 01:43:44.351950,2024,10,4,Food & Beverage,Central,21551,6317,159,1809,0.29314500812505995
2024-10-31 01:43:44.351950,2024,10,4,Beauty,North,42991,8041,623,5521,0.18705291493161672
2024-10-31 01:43:44.351950,2024,10,4,Beauty,South,29586,5871,180,3593,0.1984675284987894
2024-10-31 01:43:44.351950,2024,10,4,Beauty,East,48139,7400,300,6584,0.1537270416829532
2024-10-31 01:43:44.351950,2024,10,4,Beauty,West,49993,12949,294,6616,0.25902446553142827
2024-10-31 01:43:44.351950,2024,10,4,Beauty,Central,22094,5268,118,2784,0.23846276995916862
2024-11-30 01:43:44.351950,2024,11,4,Electronics,North,42123,14490,280,2194,0.344015363703412
2024-11-30 01:43:44.351950,2024,11,4,Electronics,South,63777,14990,797,5067,0.23503809532553543
2024-11-30 01:43:44.351950,2024,11,4,Electronics,East,20888,3857,128,1572,0.18467235818129513
2024-11-30 01:43:44.351950,2024,11,4,Electronics,West,81705,28307,461,5697,0.3464544880150099
2024-11-30 01:43:44.351950,2024,11,4,Electronics,Central,51803,15939,417,6984,0.3076909910790374
2024-11-30 01:43:44.351950,2024,11,4,Clothing,North,25271,4557,371,2498,0.1803333309615158
2024-11-30 01:43:44.351950,2024,11,4,Clothing,South,69565,11114,448,4780,0.15977380527298687
2024-11-30 01:43:44.351950,2024,11,4,Clothing,East,65961,21729,578,7397,0.32943672733473284
2024-11-30 01:43:44.351950,2024,11,4,Clothing,West,18868,4602,116,1301,0.243931301246911
2024-11-30 01:43:44.351950,2024,11,4,Clothing,Central,71457,19741,1587,7462,0.27626720872307975
2024-11-30 01:43:44.351950,2024,11,4,Home Goods,North,17096,4913,98,2375,0.2874176553198084
2024-11-30 01:43:44.351950,2024,11,4,Home Goods,South,64118,17106,548,5635,0.2667971569281326
2024-11-30 01:43:44.351950,2024,11,4,Home Goods,East,40671,14064,713,5278,0.34582278301825664
2024-11-30 01:43:44.351950,2024,11,4,Home Goods,West,35322,10995,280,2733,0.3112851401379212
2024-11-30 01:43:44.351950,2024,11,4,Home Goods,Central,54460,12112,1027,3886,0.22240452617615458
2024-11-30 01:43:44.351950,2024,11,4,Food & Beverage,North,51161,12699,419,4963,0.24822904645012994
2024-11-30 01:43:44.351950,2024,11,4,Food & Beverage,South,38970,8503,293,2606,0.2181951989375133
2024-11-30 01:43:44.351950,2024,11,4,Food & Beverage,East,42693,10754,871,5742,0.2519138213420391
2024-11-30 01:43:44.351950,2024,11,4,Food & Beverage,West,70281,11564,1561,10448,0.16455072073312985
2024-11-30 01:43:44.351950,2024,11,4,Food & Beverage,Central,22188,4429,316,1445,0.19963410236484547
2024-11-30 01:43:44.351950,2024,11,4,Beauty,North,45546,11755,291,2399,0.2580994229437671
2024-11-30 01:43:44.351950,2024,11,4,Beauty,South,44668,13476,256,5626,0.30170655025153104
2024-11-30 01:43:44.351950,2024,11,4,Beauty,East,54915,14544,554,7315,0.26485411901003675
2024-11-30 01:43:44.351950,2024,11,4,Beauty,West,60349,12431,407,7899,0.2059985737031156
2024-11-30 01:43:44.351950,2024,11,4,Beauty,Central,45511,7518,267,3636,0.1652028553598676
2024-12-31 01:43:44.351950,2024,12,4,Electronics,North,71325,21673,463,7569,0.3038667706858796
2024-12-31 01:43:44.351950,2024,12,4,Electronics,South,85124,23578,465,8153,0.2769910652124379
2024-12-31 01:43:44.351950,2024,12,4,Electronics,East,57513,17367,314,6148,0.30198331831364705
2024-12-31 01:43:44.351950,2024,12,4,Electronics,West,83717,14441,2262,4612,0.17250003490511667
2024-12-31 01:43:44.351950,2024,12,4,Electronics,Central,52222,9148,431,4159,0.1751768979348241
2024-12-31 01:43:44.351950,2024,12,4,Clothing,North,80161,17792,527,11118,0.22196042198504065
2024-12-31 01:43:44.351950,2024,12,4,Clothing,South,39030,13353,629,2609,0.34214140873092636
2024-12-31 01:43:44.351950,2024,12,4,Clothing,East,70231,12612,638,6939,0.1795847952245502
2024-12-31 01:43:44.351950,2024,12,4,Clothing,West,42274,8733,1509,6255,0.20659431336435152
2024-12-31 01:43:44.351950,2024,12,4,Clothing,Central,58669,15657,329,7132,0.26688211498059683
2024-12-31 01:43:44.351950,2024,12,4,Home Goods,North,69016,19790,862,4423,0.28674878802107007
2024-12-31 01:43:44.351950,2024,12,4,Home Goods,South,57598,19049,397,3804,0.33073280568644514
2024-12-31 01:43:44.351950,2024,12,4,Home Goods,East,35162,8441,901,4526,0.24006112920152944
2024-12-31 01:43:44.351950,2024,12,4,Home Goods,West,46240,10416,550,6387,0.2252595608770869
2024-12-31 01:43:44.351950,2024,12,4,Home Goods,Central,41158,7249,1055,6018,0.17614455626432246
2024-12-31 01:43:44.351950,2024,12,4,Food & Beverage,North,78777,26005,1036,9407,0.3301206120957325
2024-12-31 01:43:44.351950,2024,12,4,Food & Beverage,South,62420,17300,1783,7516,0.277157329380915
2024-12-31 01:43:44.351950,2024,12,4,Food & Beverage,East,57412,12313,324,4555,0.21446776070700801
2024-12-31 01:43:44.351950,2024,12,4,Food & Beverage,West,38035,11712,231,2940,0.3079284014582812
2024-12-31 01:43:44.351950,2024,12,4,Food & Beverage,Central,18012,3712,145,2529,0.20612509708747828
2024-12-31 01:43:44.351950,2024,12,4,Beauty,North,51521,13530,281,2778,0.2626304417426023
2024-12-31 01:43:44.351950,2024,12,4,Beauty,South,40123,13984,1114,3809,0.34853172431415413
2024-12-31 01:43:44.351950,2024,12,4,Beauty,East,54351,16227,937,4297,0.29856549396101495
2024-12-31 01:43:44.351950,2024,12,4,Beauty,West,17746,6093,224,2300,0.3433562911584337
2024-12-31 01:43:44.351950,2024,12,4,Beauty,Central,63105,21754,1126,9128,0.344735493856693
2025-01-31 01:43:44.351950,2025,1,1,Electronics,North,50982,15557,266,7598,0.30515443919268814
2025-01-31 01:43:44.351950,2025,1,1,Electronics,South,24934,5968,156,3180,0.23939014467029487
2025-01-31 01:43:44.351950,2025,1,1,Electronics,East,50875,16439,942,6746,0.3231388942164216
2025-01-31 01:43:44.351950,2025,1,1,Electronics,West,22812,3462,196,2835,0.15178367488908207
2025-01-31 01:43:44.351950,2025,1,1,Electronics,Central,24746,7652,128,3045,0.3092602312853251
2025-01-31 01:43:44.351950,2025,1,1,Clothing,North,54755,14229,576,6302,0.2598746460959683
2025-01-31 01:43:44.351950,2025,1,1,Clothing,South,38094,13156,453,5532,0.3453748100432564
2025-01-31 01:43:44.351950,2025,1,1,Clothing,East,10163,1660,153,1131,0.16336820295996782
2025-01-31 01:43:44.351950,2025,1,1,Clothing,West,29655,8071,176,3280,0.2721819859972013
2025-01-31 01:43:44.351950,2025,1,1,Clothing,Central,20796,6331,138,2229,0.30446109987569836
2025-01-31 01:43:44.351950,2025,1,1,Home Goods,North,10799,1738,85,761,0.1609511856281234
2025-01-31 01:43:44.351950,2025,1,1,Home Goods,South,31768,6661,447,2460,0.20968531161613416
2025-01-31 01:43:44.351950,2025,1,1,Home Goods,East,9683,1672,54,1350,0.17275445184241559
2025-01-31 01:43:44.351950,2025,1,1,Home Goods,West,19323,3692,449,2450,0.1911054347959483
2025-01-31 01:43:44.351950,2025,1,1,Home Goods,Central,38378,6820,223,3334,0.17771409483542833
2025-01-31 01:43:44.351950,2025,1,1,Food & Beverage,North,38652,7054,489,5342,0.18250031614107395
2025-01-31 01:43:44.351950,2025,1,1,Food & Beverage,South,14680,3546,151,1218,0.24162117325297777
2025-01-31 01:43:44.351950,2025,1,1,Food & Beverage,East,29770,9454,431,2958,0.3175959365487383
2025-01-31 01:43:44.351950,2025,1,1,Food & Beverage,West,35099,9967,245,3201,0.283970133971316
2025-01-31 01:43:44.351950,2025,1,1,Food & Beverage,Central,44637,14227,236,3368,0.3187376869425675
2025-01-31 01:43:44.351950,2025,1,1,Beauty,North,31978,10984,864,2372,0.34349479339528266
2025-01-31 01:43:44.351950,2025,1,1,Beauty,South,47203,11305,561,6198,0.23949846573399586
2025-01-31 01:43:44.351950,2025,1,1,Beauty,East,26395,7826,393,2040,0.29652072984136985
2025-01-31 01:43:44.351950,2025,1,1,Beauty,West,11290,2286,77,715,0.202565988387044
2025-01-31 01:43:44.351950,2025,1,1,Beauty,Central,30191,8530,387,3277,0.28256513402334843
2025-02-28 01:43:44.351950,2025,2,1,Electronics,North,40613,9363,1128,2598,0.2305488618717985
2025-02-28 01:43:44.351950,2025,2,1,Electronics,South,27030,9157,643,3534,0.3387969186804936
2025-02-28 01:43:44.351950,2025,2,1,Electronics,East,23429,3832,157,1829,0.16359277498530228
2025-02-28 01:43:44.351950,2025,2,1,Electronics,West,55352,16763,570,2812,0.3028595192882814
2025-02-28 01:43:44.351950,2025,2,1,Electronics,Central,45565,10865,335,3650,0.23847056024638807
2025-02-28 01:43:44.351950,2025,2,1,Clothing,North,16442,4496,260,1206,0.2734619123262837
2025-02-28 01:43:44.351950,2025,2,1,Clothing,South,28971,9481,146,3201,0.3272714808911086
2025-02-28 01:43:44.351950,2025,2,1,Clothing,East,46929,10901,998,4967,0.23229477033443532
2025-02-28 01:43:44.351950,2025,2,1,Clothing,West,49930,9037,316,4758,0.1810014098223512
2025-02-28 01:43:44.351950,2025,2,1,Clothing,Central,11623,3978,66,774,0.34228871500556085
2025-02-28 01:43:44.351950,2025,2,1,Home Goods,North,21426,6762,115,2309,0.3156115817391175
2025-02-28 01:43:44.351950,2025,2,1,Home Goods,South,39357,12488,819,3426,0.31732453893360724
2025-02-28 01:43:44.351950,2025,2,1,Home Goods,East,10674,1834,150,1354,0.17185937478850977
2025-02-28 01:43:44.351950,2025,2,1,Home Goods,West,20299,4432,142,1077,0.21835373998039487
2025-02-28 01:43:44.351950,2025,2,1,Home Goods,Central,22339,3536,240,2346,0.15831529562641203
2025-02-28 01:43:44.351950,2025,2,1,Food & Beverage,North,30389,6398,1447,4270,0.21055790892008086
2025-02-28 01:43:44.351950,2025,2,1,Food & Beverage,South,15077,3125,85,1955,0.20731690633950228
2025-02-28 01:43:44.351950,2025,2,1,Food & Beverage,East,42112,14547,214,5828,0.3454407289215392
2025-02-28 01:43:44.351950,2025,2,1,Food & Beverage,West,44563,6996,484,4611,0.1569980703526594
2025-02-28 01:43:44.351950,2025,2,1,Food & Beverage,Central,40492,9722,1012,5463,0.24011224126329225
2025-02-28 01:43:44.351950,2025,2,1,Beauty,North,42660,11718,302,3203,0.27469127828638273
2025-02-28 01:43:44.351950,2025,2,1,Beauty,South,28744,6587,144,3426,0.2291713574235412
2025-02-28 01:43:44.351950,2025,2,1,Beauty,East,11781,2031,62,1317,0.17242012377644764
2025-02-28 01:43:44.351950,2025,2,1,Beauty,West,44224,14808,631,3378,0.33485789661556226
2025-02-28 01:43:44.351950,2025,2,1,Beauty,Central,44828,8943,896,3694,0.19950799758883356
2025-03-31 01:43:44.351950,2025,3,1,Electronics,North,57267,19267,469,3952,0.33644541778179643
2025-03-31 01:43:44.351950,2025,3,1,Electronics,South,44238,8373,271,5726,0.18927962475433469
2025-03-31 01:43:44.351950,2025,3,1,Electronics,East,43521,9600,453,5761,0.22058622251603588
2025-03-31 01:43:44.351950,2025,3,1,Electronics,West,44681,9221,249,2290,0.20637507430326973
2025-03-31 01:43:44.351950,2025,3,1,Electronics,Central,52938,9722,326,6543,0.18366230399527372
2025-03-31 01:43:44.351950,2025,3,1,Clothing,North,31298,10700,1203,2825,0.34187579420464964
2025-03-31 01:43:44.351950,2025,3,1,Clothing,South,44094,12933,331,2620,0.29330618983755263
2025-03-31 01:43:44.351950,2025,3,1,Clothing,East,37344,12962,270,2180,0.3471166759884219
2025-03-31 01:43:44.351950,2025,3,1,Clothing,West,18735,2952,624,2386,0.1576083020557439
2025-03-31 01:43:44.351950,2025,3,1,Clothing,Central,33846,10060,940,4033,0.29725815613938217
2025-03-31 01:43:44.351950,2025,3,1,Home Goods,North,17309,4443,524,1793,0.25671215444617973
2025-03-31 01:43:44.351950,2025,3,1,Home Goods,South,27690,5853,350,1863,0.2113980861880529
2025-03-31 01:43:44.351950,2025,3,1,Home Goods,East,22346,6667,174,3309,0.298364100709137
2025-03-31 01:43:44.351950,2025,3,1,Home Goods,West,31101,9432,179,2596,0.3032961092949782
2025-03-31 01:43:44.351950,2025,3,1,Home Goods,Central,43515,10863,250,3552,0.2496596513823972
2025-03-31 01:43:44.351950,2025,3,1,Food & Beverage,North,28296,9536,294,1627,0.337019496609137
2025-03-31 01:43:44.351950,2025,3,1,Food & Beverage,South,42314,8356,233,5016,0.19748636116421658
2025-03-31 01:43:44.351950,2025,3,1,Food & Beverage,East,37822,12389,196,3607,0.3275868278654021
2025-03-31 01:43:44.351950,2025,3,1,Food & Beverage,West,45169,8917,268,5590,0.19742055547865678
2025-03-31 01:43:44.351950,2025,3,1,Food & Beverage,Central,44372,10368,1109,6362,0.2336806068826474
2025-03-31 01:43:44.351950,2025,3,1,Beauty,North,31604,6886,221,4687,0.21789758123954123
2025-03-31 01:43:44.351950,2025,3,1,Beauty,South,44216,8332,1195,5733,0.18844923543191006
2025-03-31 01:43:44.351950,2025,3,1,Beauty,East,36606,6262,315,3069,0.17108062783347477
2025-03-31 01:43:44.351950,2025,3,1,Beauty,West,42456,7924,1286,2683,0.18664553271895165
2025-03-31 01:43:44.351950,2025,3,1,Beauty,Central,17741,5629,233,888,0.31729284849569245
2025-04-30 01:43:44.351950,2025,4,2,Electronics,North,18272,3795,153,1856,0.20769502257611802
2025-04-30 01:43:44.351950,2025,4,2,Electronics,South,59365,15207,913,4177,0.256174702253679
2025-04-30 01:43:44.351950,2025,4,2,Electronics,East,38803,6322,346,4966,0.16293903682239788
2025-04-30 01:43:44.351950,2025,4,2,Electronics,West,17877,3529,446,2118,0.19742987457008251
2025-04-30 01:43:44.351950,2025,4,2,Electronics,Central,16456,3831,115,1413,0.23280608369137476
2025-04-30 01:43:44.351950,2025,4,2,Clothing,North,22396,6763,639,1393,0.3019802348977766
2025-04-30 01:43:44.351950,2025,4,2,Clothing,South,19721,5507,372,2723,0.27927825065433887
2025-04-30 01:43:44.351950,2025,4,2,Clothing,East,29043,7610,968,3057,0.2620441716862758
2025-04-30 01:43:44.351950,2025,4,2,Clothing,West,21840,3599,171,1805,0.16482980152152607
2025-04-30 01:43:44.351950,2025,4,2,Clothing,Central,13678,2188,318,790,0.16002141789989702
2025-04-30 01:43:44.351950,2025,4,2,Home Goods,North,26163,7962,315,2732,0.3043543336259875
2025-04-30 01:43:44.351950,2025,4,2,Home Goods,South,26589,8881,274,2457,0.33401639726055865
2025-04-30 01:43:44.351950,2025,4,2,Home Goods,East,38141,10875,794,4338,0.2851463698004509
2025-04-30 01:43:44.351950,2025,4,2,Home Goods,West,30210,9122,249,4508,0.301977581882036
2025-04-30 01:43:44.351950,2025,4,2,Home Goods,Central,33053,8365,635,3121,0.25307896624532383
2025-04-30 01:43:44.351950,2025,4,2,Food & Beverage,North,18018,4641,900,2376,0.25757921947393236
2025-04-30 01:43:44.351950,2025,4,2,Food & Beverage,South,29373,4928,171,4078,0.16777508277006148
2025-04-30 01:43:44.351950,2025,4,2,Food & Beverage,East,37324,12860,324,3630,0.34456207894211266
2025-04-30 01:43:44.351950,2025,4,2,Food & Beverage,West,19231,5833,270,2007,0.30335190666743106
2025-04-30 01:43:44.351950,2025,4,2,Food & Beverage,Central,41479,14378,638,5129,0.3466462909729221
2025-04-30 01:43:44.351950,2025,4,2,Beauty,North,51443,8399,519,2847,0.16327512889476734
2025-04-30 01:43:44.351950,2025,4,2,Beauty,South,18209,3044,606,1198,0.1672232726327695
2025-04-30 01:43:44.351950,2025,4,2,Beauty,East,36224,6294,1646,2744,0.1737625503619932
2025-04-30 01:43:44.351950,2025,4,2,Beauty,West,44686,13146,893,2728,0.2941986170214008
2025-04-30 01:43:44.351950,2025,4,2,Beauty,Central,16690,2688,91,1403,0.16106806002003973
